<?xml version="1.0" encoding="UTF-8"?><record xmlns="http://www.loc.gov/MARC21/slim" xmlns:cinclude="http://apache.org/cocoon/include/1.0" xmlns:zs="http://www.loc.gov/zing/srw/">
  <leader>00448nz  a2200121n  4500</leader>
  <controlfield tag="001">n  97054579 </controlfield>
  <controlfield tag="003">DLC</controlfield>
  <controlfield tag="005">19970524130059.9</controlfield>
  <controlfield tag="008">970524n| acannaab|          |n aaa |||  </controlfield>
  <datafield tag="010" ind1=" " ind2=" ">
    <subfield code="a">n  97054579 </subfield>
  </datafield>
  <datafield tag="040" ind1=" " ind2=" ">
    <subfield code="a">DLC</subfield>
    <subfield code="c">DLC</subfield>
  </datafield>
  <datafield tag="100" ind1="1" ind2="0">
    <subfield code="a">Yang, Jeff</subfield>
  </datafield>
  <datafield tag="670" ind1=" " ind2=" ">
    <subfield code="a">Eastern standard time, 1997:</subfield>
    <subfield code="b">CIP t.p. (Jeff Yang) pub. info. (Asian American and founder of A. magazine; columnist for Village voice, Mademoiselle and Vibe; grad. of Harvard; lives in lower Manhattan)</subfield>
  </datafield>
</record>